% This file was created with JabRef 2.11.
% Encoding: Cp1252


@Article{1946_NMR_Bloch,
  Title                    = {{Nuclear induction}},
  Author                   = {Bloch, F},
  Journal                  = {Physical Review},
  Year                     = {1946},
  Pages                    = {460--474},
  Volume                   = {70}
}

@Article{1946_NMR_Purcell,
  Title                    = {{Resonance absorption by nuclear magnetic moments in a solid}},
  Author                   = {Purcell, EM and Torrey, HC and Pound, RV},
  Journal                  = {Physical Review},
  Year                     = {1946},
  Pages                    = {37--38},
  Volume                   = {69}
}

@Article{1950_spin-echo,
  Title                    = {{Spin echoes}},
  Author                   = {Hahn, EL},
  Journal                  = {Physical Review Letters},
  Year                     = {1950},
  Pages                    = {580--594},
  Volume                   = {80},
  Issue                    = {4}
}

@Article{1960_PC_Hahn,
  Title                    = {{Detection of sea-water motion by nuclear precession}},
  Author                   = {Hahn, EL},
  Journal                  = {Journal of Geophysical Research},
  Year                     = {1960},
  Number                   = {2},
  Pages                    = {776--777},
  Volume                   = {65}
}

@Article{1973_Nature,
  Title                    = {{Image formation by induced local interactions: Examples employing nuclear magnetic resonance}},
  Author                   = {Lauterbur, PC},
  Journal                  = {Nature},
  Year                     = {1973},
  Pages                    = {190--191},
  Volume                   = {242}
}

@Article{1974_SL,
  Title                    = {{The Fourier reconstruction of a head section}},
  Author                   = {Shepp, LA and Logan, BF},
  Journal                  = {Nuclear Science, IEEE Transactions on},
  Year                     = {1974},
  Number                   = {3},
  Pages                    = {21--43},
  Volume                   = {21}
}

@Article{1982_PC_Moran,
  Title                    = {{A flow velocity zeugmatographic interlace for NMR imaging in humans}},
  Author                   = {Moran, PR},
  Journal                  = {Magnetic Resonance Imaging},
  Year                     = {1982},
  Number                   = {4},
  Pages                    = {197--203},
  Volume                   = {1}
}

@Article{1984_PC_Bryant,
  Title                    = {{Measurement of flow with NMR imaging using a gradient pulse and phase difference technique}},
  Author                   = {Bryant, DJ and Payne, JA and Firmin, DN and Longmore, DB},
  Journal                  = {Journal of Computer Assisted Tomography},
  Year                     = {1984},
  Number                   = {4},
  Pages                    = {588--593},
  Volume                   = {8}
}

@Article{1984_PC_Dijk,
  Title                    = {{Direct cardiac NMR imaging of heart wall and blood flow velocity}},
  Author                   = {van Dijk, P},
  Journal                  = {Journal of Computer Assisted Tomography},
  Year                     = {1984},
  Number                   = {3},
  Pages                    = {429--436},
  Volume                   = {8}
}

@Article{1986_FLASH,
  Title                    = {{FLASH imaging. Rapid NMR imaging using low flip-angle pulses}},
  Author                   = {Haase, A and Frahm, J and Matthaei, D and Hanicke, W and Merboldt, KD},
  Journal                  = {Journal of Magnetic Resonance (1969)},
  Year                     = {1986},
  Number                   = {2},
  Pages                    = {258--266},
  Volume                   = {67}
}

@Article{1986_RARE,
  Title                    = {{RARE imaging: A fast imaging method for clinical MR}},
  Author                   = {Hennig, J and Nauerth, A and Friedburg, H},
  Journal                  = {Magnetic Resonance in Medicine},
  Year                     = {1986},
  Number                   = {6},
  Pages                    = {823--833},
  Volume                   = {3}
}

@Article{1990_fMRI,
  Title                    = {{Oxygenation-sensitive contrast in magnetic resonance image of rodent brain at high magnetic fields}},
  Author                   = {Ogawa, S and Lee, TM and Nayak, AS and Glynn, P},
  Journal                  = {Magnetic Resonance in Medicine},
  Year                     = {1990},
  Number                   = {1},
  Pages                    = {68--78},
  Volume                   = {14}
}

@Article{1990_phased_array,
  Title                    = {{The NMR phased array}},
  Author                   = {Roemer, PB and Edelstein, WA and Hayes, CE and Souza, SP and Mueller, OM},
  Journal                  = {Magnetic Resonance in Medicine},
  Year                     = {1990},
  Number                   = {2},
  Pages                    = {192--225},
  Volume                   = {16}
}

@Article{1991_conv_gridding,
  Title                    = {{Selection of a convolution function for Fourier inversion using gridding}},
  Author                   = {Jackson, JI and Meyer, CH and Nishimura, DG and Macovski, A},
  Journal                  = {Medical Imaging, IEEE Transactions on},
  Year                     = {1991},
  Number                   = {3},
  Pages                    = {473--478},
  Volume                   = {10}
}

@Article{1991_homodyne,
  Title                    = {{Homodyne detection in magnetic resonance imaging}},
  Author                   = {Noll, DC and Nishimura, DG and Macovski, A},
  Journal                  = {Medical Imaging, IEEE Transactions on},
  Year                     = {1991},
  Number                   = {2},
  Pages                    = {154--163},
  Volume                   = {10}
}

@Article{1991_PC_Pelc,
  Title                    = {{Phase contrast cine magnetic resonance imaging}},
  Author                   = {Pelc, NJ and Herfkens, RJ and Shimakawa, A and Enzmann, DR},
  Journal                  = {Magnetic Resonance Quarterly},
  Year                     = {1991},
  Number                   = {4},
  Pages                    = {229--254},
  Volume                   = {7}
}

@Article{1991_PD_CD_PC,
  Title                    = {{Comparison of phase-difference and complex-difference processing in phase-contrast MR angiography}},
  Author                   = {Bernstein, MA and Ikezaki, Y},
  Journal                  = {Journal of Magnetic Resonance Imaging},
  Year                     = {1991},
  Number                   = {6},
  Pages                    = {725--729},
  Volume                   = {1}
}

@Article{1991_POCS,
  Title                    = {{A fast, iterative, partial-fourier technique capable of local phase recovery}},
  Author                   = {Haacke, EM and Lindskogj, ED and Lin, W},
  Journal                  = {Journal of Magnetic Resonance},
  Year                     = {1991},
  Number                   = {1},
  Pages                    = {126--145},
  Volume                   = {92}
}

@Book{1996_regu_inv,
  Title                    = {{Regularization of Inverse Problems}},
  Author                   = {Engl, HW and Hanke, M and Neubauer, A},
  Publisher                = {{{Dordrecht, Boston, London: Kluwer Academic Publisher}}},
  Year                     = {1996}
}

@Article{1997_SMASH,
  Title                    = {{Simultaneous acquisition of spatial harmonics (SMASH): Fast imaging with radiofrequency coil arrays}},
  Author                   = {Sodickson, DK and Manning, WJ},
  Journal                  = {Magnetic Resonance in Medicine},
  Year                     = {1997},
  Number                   = {4},
  Pages                    = {591--603},
  Volume                   = {38}
}

@Book{1998_EPI,
  Title                    = {{Echo-Planar Imaging. Theory, Techniqe and Application}},
  Author                   = {Schmitt, F and Stehling, MK and Turner, R},
  Publisher                = {Springer Science \& Business Media},
  Year                     = {1998}
}

@Article{1998_R2s_fim_heart,
  Title                    = {{In vivo measurement of $T_2^*$ and field inhomogeneity maps in the human heart at 1.5~T}},
  Author                   = {Reeder, SB and Faranesh, AZ and Boxerman, JL and McVeigh, ER},
  Journal                  = {Magnetic Resonance in Medicine},
  Year                     = {1998},
  Number                   = {6},
  Pages                    = {988--998},
  Volume                   = {39}
}

@Article{1998_rEPI,
  Title                    = {{Radial echo-planar imaging}},
  Author                   = {Silva, AC and Barbier, EL and Lowe, IJ and Koretsky, AP},
  Journal                  = {Journal of Magnetic Resonance},
  Year                     = {1998},
  Number                   = {1},
  Pages                    = {242--247},
  Volume                   = {135}
}

@Article{1999_chem_shift,
  Title                    = {{Chemical shift: The artifact and clinical tool revisited}},
  Author                   = {Hood, MN and Ho, VB and Smirniotopoulos, JG and Szumowski, J},
  Journal                  = {RadioGraphics},
  Year                     = {1999},
  Number                   = {2},
  Pages                    = {357--371},
  Volume                   = {19}
}

@Article{1999_EPI_off-reson_MEGE,
  Title                    = {{Correction for EPI distortions using multi-echo gradient-echo imaging}},
  Author                   = {Chen, NK and Wyrwicz, AM},
  Journal                  = {Magnetic Resonance in Medicine},
  Year                     = {1999},
  Number                   = {6},
  Pages                    = {1206--1213},
  Volume                   = {41}
}

@Article{1999_gridding_TMI,
  Title                    = {{Resampling of data between arbitrary grids using convolution interpolation}},
  Author                   = {Rasche, V and Proksa, R and Sinkus, R and B{\"o}rnert, P and Eggers, H},
  Journal                  = {Medical Imaging, IEEE Transactions on},
  Year                     = {1999},
  Number                   = {5},
  Pages                    = {385--392},
  Volume                   = {18}
}

@Book{1999_MRI,
  Title                    = {{Magnetic Resonance Imaging: Physical Principles and Sequence Design}},
  Author                   = {Haacke, EM and Brown, RW and Thompson, MR and Venkatesan, R},
  Publisher                = {Wiley-Liss New York},
  Year                     = {1999}
}

@Article{1999_off-reson_cor,
  Title                    = {{Off-resonance correction of MR images}},
  Author                   = {Schomberg, H},
  Journal                  = {Medical Imaging, IEEE Transactions on},
  Year                     = {1999},
  Number                   = {6},
  Pages                    = {481--495},
  Volume                   = {18}
}

@Article{1999_prMGE,
  Title                    = {{MR fluoroscopy using projection reconstruction multi-gradient-echo (prMGE) MRI}},
  Author                   = {Rasche, V and Holz, D and Proksa, R},
  Journal                  = {Magnetic Resonance in Medicine},
  Year                     = {1999},
  Number                   = {2},
  Pages                    = {324--334},
  Volume                   = {42}
}

@Article{1999_SENSE,
  Title                    = {{SENSE: Sensitivity encoding for fast MRI}},
  Author                   = {Pruessmann, KP and Weiger, M and Scheidegger, MB and Boesiger, P},
  Journal                  = {Magnetic Resonance in Medicine},
  Year                     = {1999},
  Number                   = {5},
  Pages                    = {952--962},
  Volume                   = {42}
}

@Article{1999_spiral,
  Title                    = {{Improvements in spiral MR imaging}},
  Author                   = {B{\"o}rnert, P and Schomberg, H and Aldefeld, B and Groen, J},
  Journal                  = {Magnetic Resonance Materials in Physics, Biology and Medicine},
  Year                     = {1999},
  Number                   = {1},
  Pages                    = {29--41},
  Volume                   = {9}
}

@Article{2000_coil_comb,
  Title                    = {{Adaptive reconstruction of phased array MR imagery}},
  Author                   = {Walsh, DO and Gmitro, AF and Marcellin, MW},
  Journal                  = {Magnetic Resonance in Medicine},
  Year                     = {2000},
  Number                   = {5},
  Pages                    = {682--690},
  Volume                   = {43}
}

@Article{2000_color_flow_MRM,
  Title                    = {{Real-time color flow MRI}},
  Author                   = {Nayak, KS and Pauly, JM and Kerr, AB and Hu, BS and Nishimura, DG},
  Journal                  = {Magnetic Resonance in Medicine},
  Year                     = {2000},
  Number                   = {2},
  Pages                    = {251--258},
  Volume                   = {43}
}

@Book{2000_MRI_Liang,
  Title                    = {{Principles of Magnetic Resonance Imaging: A Signal Processing Perspective}},
  Author                   = {Lauterbur, PC and Liang, Z},
  Publisher                = {Wiley-IEEE Press},
  Year                     = {2000}
}

@Article{2001_gSENSE,
  Title                    = {{Advances in sensitivity encoding with arbitrary k-space trajectories}},
  Author                   = {Pruessmann, KP and Weiger, M and B{\"o}rnert, P and Boesiger, P},
  Journal                  = {Magnetic Resonance in Medicine},
  Year                     = {2001},
  Number                   = {4},
  Pages                    = {638--651},
  Volume                   = {46}
}

@Article{2001_SPIDER,
  Title                    = {{Real-time cardiac cine imaging with SPIDER: Steady-state projection imaging with dynamic echo-train readout}},
  Author                   = {Larson, AC and Simonetti, OP},
  Journal                  = {Magnetic Resonance in Medicine},
  Year                     = {2001},
  Number                   = {6},
  Pages                    = {1059--1066},
  Volume                   = {46}
}

@Article{2002_GRAPPA,
  Title                    = {{Generalized autocalibrating partially parallel acquisitions (GRAPPA)}},
  Author                   = {Griswold, MA and Jakob, PM and Heidemann, RM and Nittka, M and Jellus, V and Wang, J and Kiefer, B and Haase, A},
  Journal                  = {Magnetic Resonance in Medicine},
  Year                     = {2002},
  Number                   = {6},
  Pages                    = {1202--1210},
  Volume                   = {47}
}

@Article{2003_k-t_SENSE,
  Title                    = {{\textit{k-t} BLAST and \textit{k-t} SENSE: Dynamic MRI with high frame rate exploiting spatiotemporal correlations}},
  Author                   = {Tsao, J and Boesiger, P and Pruessmann, KP},
  Journal                  = {Magnetic Resonance in Medicine},
  Year                     = {2003},
  Number                   = {5},
  Pages                    = {1031--1042},
  Volume                   = {50}
}

@Article{2003_NUFFT,
  Title                    = {{Nonuniform fast Fourier transforms using min-max interpolation}},
  Author                   = {Fessler, JA and Sutton, BP},
  Journal                  = {Signal Processing, IEEE Transactions on},
  Year                     = {2003},
  Number                   = {2},
  Pages                    = {560--574},
  Volume                   = {51}
}

@Article{2004_fim_est_spiral,
  Title                    = {{Dynamic field map estimation using a spiral-in/spiral-out acquisition}},
  Author                   = {Sutton, BP and Noll, DC and Fessler, JA},
  Journal                  = {Magnetic Resonance in Medicine},
  Year                     = {2004},
  Number                   = {6},
  Pages                    = {1194--1204},
  Volume                   = {51}
}

@Article{2004_IDEAL,
  Title                    = {{Multicoil Dixon chemical species separation with an iterative least-squares estimation method}},
  Author                   = {Reeder, SB and Wen, Z and Yu, H and Pineda, AR and Gold, GE and Markl, M and Pelc, NJ},
  Journal                  = {Magnetic Resonance in Medicine},
  Year                     = {2004},
  Number                   = {1},
  Pages                    = {35--45},
  Volume                   = {51}
}

@Book{2004_iter_inv,
  Title                    = {{Iterative Methods for Approximate Solution of Inverse Problems}},
  Author                   = {Bakushinsky, AB and Kokurin, MY},
  Publisher                = {{{Dordrecht: Springer}}},
  Year                     = {2004}
}

@Book{2004_MRI_Bernstein,
  Title                    = {{Handbook of MRI Pulse Sequences}},
  Author                   = {Bernstein, MA and King, KF and Zhou, XJ},
  Publisher                = {Elsevier},
  Year                     = {2004}
}

@Article{2004_rt_spiral,
  Title                    = {{Real-time cardiac MRI at 3~Tesla}},
  Author                   = {Nayak, KS and Cunningham, CH and Santos, JM and Pauly, JM},
  Journal                  = {Magnetic Resonance in Medicine},
  Year                     = {2004},
  Number                   = {4},
  Pages                    = {655--660},
  Volume                   = {51}
}

@Article{2004_vo_rFSE,
  Title                    = {{View-ordering in radial fast spin-echo imaging}},
  Author                   = {Theilmann, RJ and Gmitro, AF and Altbach, MI and Trouard, TP},
  Journal                  = {Magnetic Resonance in Medicine},
  Year                     = {2004},
  Number                   = {4},
  Pages                    = {768--774},
  Volume                   = {51}
}

@Article{2005_3D_rMHE,
  Title                    = {{Rapid fat-suppressed isotropic steady-state free precession imaging using true 3D multiple-half-echo projection reconstruction}},
  Author                   = {Lu, A and Brodsky, E and Grist, TM and Block, WF},
  Journal                  = {Magnetic Resonance in Medicine},
  Year                     = {2005},
  Number                   = {3},
  Pages                    = {692--699},
  Volume                   = {53}
}

@Article{2005_gridding,
  Title                    = {{Rapid gridding reconstruction with a minimal oversampling ratio}},
  Author                   = {Beatty, PJ and Nishimura, DG and Pauly, JM},
  Journal                  = {Medical Imaging, IEEE Transactions on},
  Year                     = {2005},
  Number                   = {6},
  Pages                    = {799--808},
  Volume                   = {24}
}

@InProceedings{2005_NLM,
  Title                    = {{A non-local algorithm for image denoising}},
  Author                   = {Buades, A and Coll, B and Morel, JM},
  Booktitle                = {Computer Vision and Pattern Recognition, IEEE Computer Society Conference on},
  Year                     = {2005},
  Pages                    = {60--65},
  Volume                   = {2}
}

@Article{2005_PC_Gatehouse,
  Title                    = {{Applications of phase-contrast flow and velocity imaging in cardiovascular MRI}},
  Author                   = {Gatehouse, PD and Keegan, J and Crowe, LA and Masood, S and Mohiaddin, RH and Kreitner, KF and Firmin, DN},
  Journal                  = {European Radiology},
  Year                     = {2005},
  Number                   = {10},
  Pages                    = {2172--2184},
  Volume                   = {15}
}

@Article{2005_PC_ktSENSE,
  Title                    = {{Accelerating cine phase-contrast flow measurements using \textit{k-t} BLAST and \textit{k-t} SENSE}},
  Author                   = {Baltes, C and Kozerke, S and Hansen, MS and Pruessmann, KP and Tsao, J and Boesiger, P},
  Journal                  = {Magnetic Resonance in Medicine},
  Year                     = {2005},
  Number                   = {6},
  Pages                    = {1430--1438},
  Volume                   = {54}
}

@Article{2005_PFPPI,
  Title                    = {{Partial fourier partially parallel imaging}},
  Author                   = {Bydder, M and Robson, MD},
  Journal                  = {Magnetic Resonance in Medicine},
  Year                     = {2005},
  Number                   = {6},
  Pages                    = {1393--1401},
  Volume                   = {53}
}

@Article{2005_phaConstrain_PI,
  Title                    = {{Phase-constrained parallel MR image reconstruction}},
  Author                   = {Willig-Onwuachi, JD and Yeh, EN and Grant, AK and Ohliger, MA and McKenzie, CA and Sodickson, DK},
  Journal                  = {Journal of Magnetic Resonance},
  Year                     = {2005},
  Number                   = {2},
  Pages                    = {187--198},
  Volume                   = {176}
}

@Article{2005_rGRASE,
  Title                    = {{Radial GRASE: Implementation and applications}},
  Author                   = {Gmitro, AF and Kono, M and Theilmann, RJ and Altbach, MI and Li, Z and Trouard, TP},
  Journal                  = {Magnetic Resonance in Medicine},
  Year                     = {2005},
  Number                   = {6},
  Pages                    = {1363--1371},
  Volume                   = {53}
}

@Article{2005_self_cal_pi,
  Title                    = {{Inherently self-calibrating non-cartesian parallel imaging}},
  Author                   = {Yeh, EN and Stuber, M and McKenzie, CA and Botnar, RM and Leiner, T and Ohliger, MA and Grant, AK and Willig-Onwuachi, JD and Sodickson, DK},
  Journal                  = {Magnetic Resonance in Medicine},
  Year                     = {2005},
  Number                   = {1},
  Pages                    = {1--8},
  Volume                   = {54}
}

@Article{2005_spiral_JMRI,
  Title                    = {{Spiral imaging: A critical appraisal}},
  Author                   = {Block, KT and Frahm, J},
  Journal                  = {Journal of Magnetic Resonance Imaging},
  Year                     = {2005},
  Number                   = {6},
  Pages                    = {657--668},
  Volume                   = {21}
}

@Article{2005_Toeplitz_fim_cor,
  Title                    = {{Toeplitz-based iterative image reconstruction for MRI with correction for magnetic field inhomogeneity}},
  Author                   = {Fessler, JA and Lee, S and Olafsson, VT and Shi, HR and Noll, DC},
  Journal                  = {Signal Processing, IEEE Transactions on},
  Year                     = {2005},
  Number                   = {9},
  Pages                    = {3393--3402},
  Volume                   = {53}
}

@Article{2006_CS,
  Title                    = {{Compressed sensing}},
  Author                   = {Donoho, DL},
  Journal                  = {Information Theory, IEEE Transactions on},
  Year                     = {2006},
  Number                   = {4},
  Pages                    = {1289--1306},
  Volume                   = {52}
}

@Article{2006_KESA,
  Title                    = {{Application of k-space energy spectrum analysis to susceptibility field mapping and distortion correction in gradient-echo EPI}},
  Author                   = {Chen, NK and Oshio, K and Panych, LP},
  Journal                  = {NeuroImage},
  Year                     = {2006},
  Number                   = {2},
  Pages                    = {609--622},
  Volume                   = {31}
}

@Article{2006_R2s_rMGE,
  Title                    = {{Simultaneous imaging and $R_2^*$ mapping using a radial multi-gradient-echo (rMGE) sequence}},
  Author                   = {Winkelmann, S and Schaeffter, T and Weiss, S and Eggers, H and Doessel, O},
  Journal                  = {Journal of Magnetic Resonance Imaging},
  Year                     = {2006},
  Number                   = {4},
  Pages                    = {939--944},
  Volume                   = {24}
}

@Article{2007_IRGNM_PI,
  Title                    = {{An alternative approach to the image reconstruction for parallel data acquisition in MRI}},
  Author                   = {Bauer, F and Kannengiesser, S},
  Journal                  = {Mathematical Methods in the Applied Sciences},
  Year                     = {2007},
  Number                   = {12},
  Pages                    = {1437--1451},
  Volume                   = {30}
}

@Article{2007_JSENSE,
  Title                    = {{Joint image reconstruction and sensitivity estimation in SENSE (JSENSE)}},
  Author                   = {Ying, L and Sheng, J},
  Journal                  = {Magnetic Resonance in Medicine},
  Year                     = {2007},
  Number                   = {6},
  Pages                    = {1196--1202},
  Volume                   = {57}
}

@Article{2007_Sparse_MRI,
  Title                    = {{Sparse MRI: The application of compressed sensing for rapid MR imaging}},
  Author                   = {Lustig, M and Donoho, DL and Pauly, JM},
  Journal                  = {Magnetic Resonance in Medicine},
  Year                     = {2007},
  Number                   = {6},
  Pages                    = {1182--1195},
  Volume                   = {58}
}

@PhdThesis{2008_Block_Thesis,
  Title                    = {{Advanced Methods for Radial Data Sampling in MRI}},
  Author                   = {Block, KT},
  School                   = {Georg-August-Universit{\"a}t G{\"o}ttingen},
  Year                     = {2008},
  Type                     = {Doctoral Thesis}
}

@Article{2008_color_flow_MRI,
  Title                    = {{Real-time color-flow MRI at 3~T using variable-density spiral phase contrast}},
  Author                   = {Liu, CY and Varadarajan, P and Pohost, GM and Nayak, KS},
  Journal                  = {Magnetic Resonance Imaging},
  Year                     = {2008},
  Number                   = {5},
  Pages                    = {661--666},
  Volume                   = {26}
}

@Article{2008_fim_est,
  Title                    = {{Regularized field map estimation in MRI}},
  Author                   = {Funai, AK and Fessler, JA and Yeo, D and Olafsson, VT and Noll, DC},
  Journal                  = {Medical Imaging, IEEE Transactions on},
  Year                     = {2008},
  Number                   = {10},
  Pages                    = {1484--1494},
  Volume                   = {27}
}

@Article{2008_NLINV,
  Title                    = {{Image reconstruction by regularized nonlinear inversion -- Joint estimation of coil sensitivities and image content}},
  Author                   = {Uecker, M and Hohage, T and Block, KT and Frahm, J},
  Journal                  = {Magnetic Resonance in Medicine},
  Year                     = {2008},
  Number                   = {3},
  Pages                    = {674--682},
  Volume                   = {60}
}

@InProceedings{2008_NLINV_L1,
  Title                    = {{Nonlinear inversion with $L^1$-wavelet regularization -- Application to autocalibrated parallel imaging}},
  Author                   = {Uecker, M and Block, KT},
  Booktitle                = {Proceedings of \nth{16} International Society for Magnetic Resonance in Medicine},
  Year                     = {2008},
  Pages                    = {1479}
}

@Article{2008_r2s_fm_fMRI,
  Title                    = {{Fast joint reconstruction of dynamic $R_2^*$ and field maps in functional MRI}},
  Author                   = {Olafsson, VT and Noll, DC and Fessler, JA},
  Journal                  = {Medical Imaging, IEEE Transactions on},
  Year                     = {2008},
  Number                   = {9},
  Pages                    = {1177--1188},
  Volume                   = {27}
}

@InProceedings{2008_SL_Gach,
  Title                    = {{2D \& 3D Shepp-Logan phantom standards for MRI}},
  Author                   = {Gach, HM and Tanase, C and Boada, F},
  Booktitle                = {Proceedings of the 2008 \nth{19} International Conference on Systems Engineering},
  Year                     = {2008},
  Pages                    = {521--526}
}

@Article{2008_water_fat,
  Title                    = {{Multiecho water-fat separation and simultaneous $R_2^*$ estimation with multifrequency fat spectrum modeling}},
  Author                   = {Yu, H and Shimakawa, A and McKenzie, CA and Brodsky, E and Brittain, JH and Reeder, SB},
  Journal                  = {Magnetic Resonance in Medicine},
  Year                     = {2008},
  Number                   = {5},
  Pages                    = {1122--1134},
  Volume                   = {60}
}

@Article{2009_fim_t2s_me_TMI,
  Title                    = {{Iterative off-resonance and signal decay estimation and correction for multi-echo MRI}},
  Author                   = {Knopp, T and Eggers, H and Dahnke, H and Prestin, J and Senegas, J},
  Journal                  = {Medical Imaging, IEEE Transactions on},
  Year                     = {2009},
  Number                   = {3},
  Pages                    = {394--404},
  Volume                   = {28}
}

@Article{2009_MIR-T2_Block,
  Title                    = {{Model-based iterative reconstruction for radial fast spin-echo MRI}},
  Author                   = {Block, KT and Uecker, M and Frahm, J},
  Journal                  = {Medical Imaging, IEEE Transactions on},
  Year                     = {2009},
  Number                   = {11},
  Pages                    = {1759--1769},
  Volume                   = {28}
}

@Article{2009_PC_Srichai,
  Title                    = {{Cardiovascular applications of phase-contrast MRI}},
  Author                   = {Srichai, MB and Lim, RP and Wong, S and Lee, VS},
  Journal                  = {American Journal of Roentgenology},
  Year                     = {2009},
  Number                   = {3},
  Pages                    = {662--675},
  Volume                   = {192}
}

@PhdThesis{2009_Uecker_Thesis,
  Title                    = {{Nonlinear Reconstruction Methods for Parallel MRI}},
  Author                   = {Uecker, M},
  School                   = {Georg-August-Universit{\"a}t G{\"o}ttingen},
  Year                     = {2009},
  Type                     = {Doctoral Thesis}
}

@PhdThesis{2009_Zhang_Thesis,
  Title                    = {{Real-Time Magnetic Resonance Imaging}},
  Author                   = {Zhang, S},
  School                   = {Georg-August-Universit{\"a}t G{\"o}ttingen},
  Year                     = {2009},
  Type                     = {Doctoral Thesis}
}

@Article{2010_20ms_Uecker,
  Title                    = {{Real-time MRI at a resolution of 20~ms}},
  Author                   = {Uecker, M and Zhang, S and Voit, D and Karaus, A and Merboldt, KD and Frahm, J},
  Journal                  = {NMR in Biomedicine},
  Year                     = {2010},
  Number                   = {8},
  Pages                    = {986--994},
  Volume                   = {23}
}

@Article{2010_3D_rME,
  Title                    = {{Rapid 3D radial multi-echo functional magnetic resonance imaging}},
  Author                   = {Lee, GR and Griswold, MA and Tkach, JA},
  Journal                  = {NeuroImage},
  Year                     = {2010},
  Number                   = {4},
  Pages                    = {1428--1443},
  Volume                   = {52}
}

@Article{2010_MIR_Fessler,
  Title                    = {{Model-based image reconstruction for MRI}},
  Author                   = {Fessler, JA},
  Journal                  = {Signal Processing Magazine, IEEE},
  Year                     = {2010},
  Number                   = {4},
  Pages                    = {81--89},
  Volume                   = {27}
}

@Article{2010_NLINV_Heart,
  Title                    = {{Nonlinear inverse reconstruction for real-time MRI of the human heart using undersampled radial FLASH}},
  Author                   = {Uecker, M and Zhang, S and Frahm, J},
  Journal                  = {Magnetic Resonance in Medicine},
  Year                     = {2010},
  Number                   = {6},
  Pages                    = {1456--1462},
  Volume                   = {63}
}

@Book{2010_principle_mri,
  Title                    = {{Principles of Magnetic Resonance Imaging}},
  Author                   = {Nishimura, DG},
  Publisher                = {www.lulu.com},
  Year                     = {2010}
}

@Article{2010_rfl_JMRI,
  Title                    = {{Magnetic resonance imaging in real time: Advances using radial FLASH}},
  Author                   = {Zhang, S and Block, KT and Frahm, J},
  Journal                  = {Journal of Magnetic Resonance Imaging},
  Year                     = {2010},
  Number                   = {1},
  Pages                    = {101--109},
  Volume                   = {31}
}

@Article{2010_RTCMR_Zhang,
  Title                    = {{Real-time cardiovascular magnetic resonance at high temporal resolution: Radial FLASH with nonlinear inverse reconstruction}},
  Author                   = {Zhang, S and Uecker, M and Voit, D and Merboldt, KD and Frahm, J},
  Journal                  = {Journal of Cardiovascular Magnetic Resonance},
  Year                     = {2010},
  Number                   = {1},
  Pages                    = {39--45},
  Volume                   = {12}
}

@InProceedings{2011_GDC,
  Title                    = {{Simple method for adaptive gradient-delay compensation in radial MRI}},
  Author                   = {Block, KT and Uecker, M},
  Booktitle                = {Proceedings of \nth{19} International Society for Magnetic Resonance in Medicine},
  Year                     = {2011},
  Pages                    = {2816}
}

@Article{2011_MRA_rEPI,
  Title                    = {{Contrast-enhanced whole-heart coronary magnetic resonance angiography at 3~T with radial EPI}},
  Author                   = {Bhat, H and Yang, Q and Zuehlsdorff, S and Li, K and Li, D},
  Journal                  = {Magnetic Resonance in Medicine},
  Year                     = {2011},
  Number                   = {1},
  Pages                    = {82--91},
  Volume                   = {66}
}

@Article{2011_T2_Sumpf,
  Title                    = {{Model-based nonlinear inverse reconstruction for $T_2$ mapping using highly undersampled spin-echo MRI}},
  Author                   = {Sumpf, TJ and Uecker, M and Boretius, S and Frahm, J},
  Journal                  = {Journal of Magnetic Resonance Imaging},
  Year                     = {2011},
  Number                   = {2},
  Pages                    = {420--428},
  Volume                   = {34}
}

@Article{2012_analSim,
  Title                    = {{Realistic analytical phantoms for parallel magnetic resonance imaging}},
  Author                   = {Guerquin-Kern, M and Lejeune, L and Pruessmann, KP and Unser, M},
  Journal                  = {Medical Imaging, IEEE Transactions on},
  Year                     = {2012},
  Number                   = {3},
  Pages                    = {626--636},
  Volume                   = {31}
}

@InProceedings{2012_KESA_Tan,
  Title                    = {{Application of k-space energy spectrum analysis to artifact correction in PROPELLER MRI}},
  Author                   = {Tan, Z and Chen, NK},
  Booktitle                = {Proceedings of $20$\textsuperscript{th} International Society for Magnetic Resonance in Medicine},
  Year                     = {2012},
  Pages                    = {2422}
}

@Article{2012_NLINV_TGV,
  Title                    = {{Parallel imaging with nonlinear reconstruction using variational penalties}},
  Author                   = {Knoll, F and Clason, C and Bredies, K and Uecker, M and Stollberger, R},
  Journal                  = {Magnetic Resonance in Medicine},
  Year                     = {2012},
  Number                   = {1},
  Pages                    = {34--41},
  Volume                   = {67}
}

@Article{2012_ORACLE,
  Title                    = {{Off-resonance artifacts correction with convolution in k-space (ORACLE)}},
  Author                   = {Lin, W and Huang, F and Simonotto, E and Duensing, GR and Reykowski, A},
  Journal                  = {Magnetic Resonance in Medicine},
  Year                     = {2012},
  Number                   = {6},
  Pages                    = {1547--1555},
  Volume                   = {67}
}

@Article{2012_PC_Joseph,
  Title                    = {{Real-time phase-contrast MRI of cardiovascular blood flow using undersampled radial fast low-angle shot and nonlinear inverse reconstruction}},
  Author                   = {Joseph, AA and Merboldt, KD and Voit, D and Zhang, S and Uecker, M and Lotz, J and Frahm, J},
  Journal                  = {NMR in Biomedicine},
  Year                     = {2012},
  Number                   = {7},
  Pages                    = {917--924},
  Volume                   = {25}
}

@Article{2012_PC_Kim,
  Title                    = {{Accelerated phase-contrast cine MRI using \textit{k-t} SPARSE-SENSE}},
  Author                   = {Kim, D and Dyvorne, HA and Otazo, R and Feng, L and Sodickson, DK and Lee, VS},
  Journal                  = {Magnetic Resonance in Medicine},
  Year                     = {2012},
  Number                   = {4},
  Pages                    = {1054--1064},
  Volume                   = {67}
}

@Article{2012_PC_SVE,
  Title                    = {{Shared velocity encoding: A method to improve the temporal resolution of phase-contrast velocity measurements}},
  Author                   = {Lin, HY and Bender, JA and Ding, Y and Chung, YC and Hinton, AM and Pennell, ML and Whitehead, KK and Raman, SV and Simonetti, OP},
  Journal                  = {Magnetic Resonance in Medicine},
  Year                     = {2012},
  Number                   = {3},
  Pages                    = {703--710},
  Volume                   = {68}
}

@Article{2012_rtmri_app,
  Title                    = {{Real-time MRI: Recent advances using radial FLASH}},
  Author                   = {Uecker, M and Zhang, S and Voit, D and Merboldt, KD and Frahm, J},
  Journal                  = {Imaging in Medicine},
  Year                     = {2012},
  Number                   = {4},
  Pages                    = {461--476},
  Volume                   = {4}
}

@InProceedings{2012_Schaetz,
  Title                    = {{A multi-GPU programming library for real-time applications}},
  Author                   = {Schaetz, S and Uecker, M},
  Booktitle                = {Proceedings of the \nth{12} International Conference on Algorithms and Architectures for Parallel Processing - Volume Part I},
  Year                     = {2012},
  Pages                    = {114--128}
}

@InProceedings{2013_MotionPha,
  Title                    = {{Motion phantom for real-time MRI}},
  Author                   = {Schaetz, S and Untenberger, M and Niebergall, A and Frahm, J},
  Booktitle                = {Proceedings of \nth{21} International Society for Magnetic Resonance in Medicine},
  Year                     = {2013},
  Pages                    = {4340}
}

@Article{2013_MRA_rME,
  Title                    = {{Rapid time-resolved magnetic resonance angiography via a multiecho radial trajectory and GraDeS reconstruction}},
  Author                   = {Lee, GR and Seiberlich, N and Sunshine, JL and Carroll, TJ and Griswold, MA},
  Journal                  = {Magnetic Resonance in Medicine},
  Year                     = {2013},
  Number                   = {2},
  Pages                    = {346--359},
  Volume                   = {69}
}

@Article{2013_nlinv_QSM_MRM,
  Title                    = {{Nonlinear formulation of the magnetic field to source relationship for robust quantitative susceptibility mapping}},
  Author                   = {Liu, T and Wisnieff, C and Lou, M and Chen, W and Spincemaille, P and Wang, Y},
  Journal                  = {Magnetic Resonance in Medicine},
  Year                     = {2013},
  Number                   = {2},
  Pages                    = {467--476},
  Volume                   = {69}
}

@Article{2013_PC_CD_Kwak,
  Title                    = {{Accelerated aortic flow assessment with compressed sensing with and without use of the sparsity of the complex difference image}},
  Author                   = {Kwak, Y and Nam, S and Ak{\c c}akaya, M and Basha, TA and Goddu, B and Manning, WJ and Tarokh, V and Nezafat, R},
  Journal                  = {Magnetic Resonance in Medicine},
  Year                     = {2013},
  Number                   = {3},
  Pages                    = {851--858},
  Volume                   = {70}
}

@Article{2013_SSFP_Voit,
  Title                    = {{Real-time cardiovascular magnetic resonance at 1.5~T using balanced SSFP and 40~ms resolution}},
  Author                   = {Voit, D and Zhang, S and Unterberg-Buchwald, C and Sohns, JM and Lotz, J and Frahm, J},
  Journal                  = {Journal of Cardiovascular Magnetic Resonance},
  Year                     = {2013},
  Number                   = {1},
  Pages                    = {79--86},
  Volume                   = {15}
}

@InProceedings{2014_asym-echo_ISMRM,
  Title                    = {{Compressed sensing reconstructed radial bSSFP with asymmetric views for free-breathing cardiac cine MRI}},
  Author                   = {Cetingul, HE and Speier, P and Schmidt, M and Wang, Q and Nadar, MS},
  Booktitle                = {Proceedings of \nth{22} International Society for Magnetic Resonance in Medicine},
  Year                     = {2014},
  Pages                    = {1539}
}

@Article{2014_fim_est,
  Title                    = {{High-resolution, large dynamic range field map estimation}},
  Author                   = {Dagher, J and Reese, T and Bilgin, A},
  Journal                  = {Magnetic Resonance in Medicine},
  Year                     = {2014},
  Number                   = {1},
  Pages                    = {105--117},
  Volume                   = {71}
}

@InProceedings{2014_img_segment,
  Title                    = {{Context-based segmentation and analysis of multi-cycle real-time cardiac MRI}},
  Author                   = {Chitiboi, T and Hennemuth, A and Tautz, L and Huellebrand, M and Frahm, J and Linsen, L and Hahn, H},
  Booktitle                = {Biomedical Imaging (ISBI), 2014 IEEE 11th International Symposium on},
  Year                     = {2014},
  Pages                    = {943--946}
}

@Article{2014_PC_Joseph,
  Title                    = {{Real-time flow MRI of the aorta at a resolution of 40~ms}},
  Author                   = {Joseph, AA and Kowallick, JT and Merboldt, KD and Voit, D and Schaetz, S and Zhang, S and Sohns, JM and Lotz, J and Frahm, J},
  Journal                  = {Journal of Magnetic Resonance Imaging},
  Year                     = {2014},
  Number                   = {1},
  Pages                    = {206--213},
  Volume                   = {40}
}

@Article{2014_RT_Zhang,
  Title                    = {{Real-time magnetic resonance imaging of cardiac function and flow -- Recent progress}},
  Author                   = {Zhang, S and Joseph, AA and Voit, D and Schaetz, S and Merboldt, KD and Unterberg-Buchwald, C and Hennemuth, A and Lotz, J and Frahm, J},
  Journal                  = {Quantitative Imaging in Medicine and Surgery},
  Year                     = {2014},
  Number                   = {5},
  Pages                    = {313--329},
  Volume                   = {4}
}

@InProceedings{2014_sTE_flow_ISMRM,
  Title                    = {{Optimization of short-TE phase contrast flow quantification}},
  Author                   = {Cowan, B and Liu, Y and Young, A and Greiser, A and Speier, P},
  Booktitle                = {Proceedings of \nth{22} International Society for Magnetic Resonance in Medicine},
  Year                     = {2014},
  Pages                    = {2475}
}

@Article{2014_T2_Sumpf,
  Title                    = {{Fast $T_2$ mapping with improved accuracy using undersampled spin-echo MRI and model-based reconstructions with a generating function}},
  Author                   = {Sumpf, TJ and Petrovic, A and Uecker, M and Knoll, F and Frahm, J},
  Journal                  = {Medical Imaging, IEEE Transactions on},
  Year                     = {2014},
  Number                   = {12},
  Pages                    = {2213--2222},
  Volume                   = {33}
}

@Article{2014_Temp_Fidelity,
  Title                    = {{On the temporal fidelity of nonlinear inverse reconstructions for real-time MRI -- The motion challenge}},
  Author                   = {Frahm, J and Schaetz, S and Untenberger, M and Zhang, S and Voit, D and Merboldt, KD and Sohns, JM and Lotz, J and Uecker, M},
  Journal                  = {The Open Medical Imaging Journal},
  Year                     = {2014},
  Pages                    = {1--7},
  Volume                   = {8}
}

@InProceedings{2015_CD_Sun,
  Title                    = {{Complex-difference constrained reconstruction for accelerated phase contrast flow imaging}},
  Author                   = {Sun, A and Zhao, B and Li, R and Yuan, C},
  Booktitle                = {Proceedings of \nth{23} International Society for Magnetic Resonance in Medicine},
  Year                     = {2015},
  Pages                    = {0079}
}

@Article{2015_horn_QIM,
  Title                    = {{High-speed real-time MRI of fast tongue movements in elite horn players}},
  Author                   = {Iltis, PW and Frahm, J and Voit, D and Joseph, AA and Schoonderwaldt, E and Altenmueller, E},
  Journal                  = {Quantitative Imaging in Medicine and Surgery},
  Year                     = {2015},
  Number                   = {3},
  Pages                    = {374--381},
  Volume                   = {5}
}

@Article{2015_mb_DTI_NBM,
  Title                    = {{A model-based reconstruction for undersampled radial spin-echo DTI with variational penalties on the diffusion tensor}},
  Author                   = {Knoll, F and Raya, JG and Halloran, RO and Baete, S and Sigmund, E and Bammer, R and Block, KT and Otazo, R and Sodickson, DK},
  Journal                  = {NMR in Biomedicine},
  Year                     = {2015},
  Number                   = {3},
  Pages                    = {353--366},
  Volume                   = {28}
}

@Article{2015_PC_Asym,
  Title                    = {{Advances in real-time phase-contrast flow MRI using asymmetric radial gradient echoes}},
  Author                   = {Untenberger, M and Tan, Z and Voit, D and Joseph, AA and Roeloffs, V and Merboldt, KD and Schaetz, S and Frahm, J},
  Journal                  = {Magnetic Resonance in Medicine},
  Year                     = {2015},
  Doi                      = {10.1002/mrm.25696},
  Url                      = {http://dx.doi.org/10.1002/mrm.25696}
}

@Article{2015_PC_rev,
  Title                    = {{Cardiovascular magnetic resonance phase contrast imaging}},
  Author                   = {Nayak, K and Nielsen, JF and Bernstein, M and Markl, M and Gatehouse, PD and Botnar, RM and Saloner, D and Lorenz, C and Wen, H and Hu, BS and Epstein, F and Oshinski, JN and Raman, S},
  Journal                  = {Journal of Cardiovascular Magnetic Resonance},
  Year                     = {2015},
  Number                   = {1},
  Pages                    = {71--96},
  Volume                   = {17}
}

@Article{2015_SWI_QSM,
  Title                    = {{Susceptibility-weighted imaging and quantitative susceptibility mapping in the brain}},
  Author                   = {Liu, C and Li, W and Tong, KA and Yeom, KW and Kuzminski, S},
  Journal                  = {Journal of Magnetic Resonance Imaging},
  Year                     = {2015},
  Number                   = {1},
  Pages                    = {23--41},
  Volume                   = {42}
}

@Article{2016_NLM,
  Title                    = {{Image denoising for real-time MRI}},
  Author                   = {Klosowski, J and Frahm, J},
  Journal                  = {Magnetic Resonance in Medicine},
  Year                     = {2016}
}

